@article{mnistdata,
	title={MNIST handwritten digit database},
	author={LeCun, Yann and Cortes, Corinna and Burges, CJ},
	journal={ATT Labs [Online]. Available: http://yann.lecun.com/exdb/mnist},
	volume={2},
	year={2010}
}